@preamble{ "\newcommand{\noopsort}[1]{} "
    # "\newcommand{\printfirst}[2]{#1} "
	# "\newcommand{\singleletter}[1]{#1} "
	# "\newcommand{\switchargs}[2]{#2#1} " 
	}

@article{blei2017statreview,
  title={Variational inference: A review for statisticians},
  author={Blei, David M and Kucukelbir, Alp and McAuliffe, Jon D},
  journal={Journal of the American Statistical Association},
  volume={112},
  number={518},
  pages={859--877},
  year={2017},
  publisher={Taylor \& Francis}
}

@article{kingma2013,
  title={Auto-encoding variational bayes},
  author={Kingma, Diederik P and Welling, Max},
  journal={arXiv preprint arXiv:1312.6114},
  year={2013}
}

@article{lopez2018scvi,
  title={Deep generative modeling for single-cell transcriptomics},
  author={Lopez, Romain and Regier, Jeffrey and Cole, Michael B and Jordan, Michael I and Yosef, Nir},
  journal={Nature methods},
  volume={15},
  number={12},
  pages={1053},
  year={2018},
  publisher={Nature Publishing Group}
}

@article{higgins2016disentangled,
  title={Early visual concept learning with unsupervised deep learning},
  author={Higgins, Irina and Matthey, Loic and Glorot, Xavier and Pal, Arka and Uria, Benigno and Blundell, Charles and Mohamed, Shakir and Lerchner, Alexander},
  journal={arXiv preprint arXiv:1606.05579},
  year={2016}
}

@article{rezende2015normflow,
  title={Variational inference with normalizing flows},
  author={Rezende, Danilo Jimenez and Mohamed, Shakir},
  journal={arXiv preprint arXiv:1505.05770},
  year={2015}
}

@article{patel2014single,
  title={Single-cell RNA-seq highlights intratumoral heterogeneity in primary glioblastoma},
  author={Patel, Anoop P and Tirosh, Itay and Trombetta, John J and Shalek, Alex K and Gillespie, Shawn M and Wakimoto, Hiroaki and Cahill, Daniel P and Nahed, Brian V and Curry, William T and Martuza, Robert L and others},
  journal={Science},
  volume={344},
  number={6190},
  pages={1396--1401},
  year={2014},
  publisher={American Association for the Advancement of Science}
}

@article{pierson2015zifa,
  title={ZIFA: Dimensionality reduction for zero-inflated single-cell gene expression analysis},
  author={Pierson, Emma and Yau, Christopher},
  journal={Genome biology},
  volume={16},
  number={1},
  pages={241},
  year={2015},
  publisher={BioMed Central}
}

@article{regev2017science,
  title={Science forum: the human cell atlas},
  author={Regev, Aviv and Teichmann, Sarah A and Lander, Eric S and Amit, Ido and Benoist, Christophe and Birney, Ewan and Bodenmiller, Bernd and Campbell, Peter and Carninci, Piero and Clatworthy, Menna and others},
  journal={Elife},
  volume={6},
  pages={e27041},
  year={2017},
  publisher={eLife Sciences Publications Limited}
}

@article{lecun1998gradient,
  title={Gradient-based learning applied to document recognition},
  author={LeCun, Yann and Bottou, L{\'e}on and Bengio, Yoshua and Haffner, Patrick and others},
  journal={Proceedings of the IEEE},
  volume={86},
  number={11},
  pages={2278--2324},
  year={1998},
  publisher={Taipei, Taiwan}
}

@inproceedings{lauzon2012introduction,
  title={An introduction to deep learning},
  author={Lauzon, Francis Quintal},
  booktitle={2012 11th International Conference on Information Science, Signal Processing and their Applications (ISSPA)},
  pages={1438--1439},
  year={2012},
  organization={IEEE}
}

@book{mcelreath2018statistical,
  title={Statistical rethinking: A Bayesian course with examples in R and Stan},
  author={McElreath, Richard},
  year={2018},
  publisher={Chapman and Hall/CRC}
}

@article{marin2012approximate,
  title={Approximate Bayesian computational methods},
  author={Marin, Jean-Michel and Pudlo, Pierre and Robert, Christian P and Ryder, Robin J},
  journal={Statistics and Computing},
  volume={22},
  number={6},
  pages={1167--1180},
  year={2012},
  publisher={Springer}
}

@article{gelman1992inference,
  title={Inference from iterative simulation using multiple sequences},
  author={Gelman, Andrew and Rubin, Donald B and others},
  journal={Statistical science},
  volume={7},
  number={4},
  pages={457--472},
  year={1992},
  publisher={Institute of Mathematical Statistics}
}

@misc{paszke2017automatic,
  title={Automatic differentiation in pytorch},
  author={Paszke, Adam and Gross, Sam and Chintala, Soumith and Chanan, Gregory and Yang, Edward and DeVito, Zachary and Lin, Zeming and Desmaison, Alban and Antiga, Luca and Lerer, Adam},
  year={2017}
}



